<record><leader>00000cas a22000007a 4500</leader><controlfield tag="001">9873058</controlfield><controlfield tag="008">830902d18501860gauwr ne      0    0eng d</controlfield><datafield ind1=" " ind2=" " tag="010"><subfield code="a">sn 83026608 </subfield></datafield><datafield ind1=" " ind2=" " tag="040"><subfield code="a">NPV</subfield><subfield code="b">eng</subfield><subfield code="c">NPV</subfield><subfield code="d">NPX</subfield><subfield code="d">NLG</subfield><subfield code="d">OCL</subfield><subfield code="d">GUA</subfield><subfield code="d">OCLCF</subfield><subfield code="d">OCLCO</subfield></datafield><datafield ind1="1" ind2=" " tag="029"><subfield code="a">AU@</subfield><subfield code="b">000020226503</subfield></datafield><datafield ind1=" " ind2=" " tag="042"><subfield code="a">msc</subfield></datafield><datafield ind1=" " ind2=" " tag="043"><subfield code="a">n-us-ga</subfield></datafield><datafield ind1=" " ind2=" " tag="045"><subfield code="a">w5w6</subfield></datafield><datafield ind1=" " ind2=" " tag="052"><subfield code="a">3923</subfield><subfield code="b">B5</subfield></datafield><datafield ind1=" " ind2=" " tag="052"><subfield code="a">3923</subfield><subfield code="b">J8</subfield></datafield><datafield ind1="0" ind2=" " tag="130"><subfield code="a">Georgia citizen (Macon, Ga. : Weekly)</subfield></datafield><datafield ind1="0" ind2="4" tag="245"><subfield code="a">The Georgia citizen.</subfield></datafield><datafield ind1=" " ind2=" " tag="260"><subfield code="a">Macon, Ga. :</subfield><subfield code="b">L.F.W. Andrews,</subfield><subfield code="c">[1850-1860]</subfield></datafield><datafield ind1=" " ind2=" " tag="300"><subfield code="a">v.</subfield></datafield><datafield ind1=" " ind2=" " tag="310"><subfield code="a">Weekly</subfield></datafield><datafield ind1="0" ind2=" " tag="362"><subfield code="a">Vol. 1, no. 1, (Mar. 21, 1850)-v. 10, no. 50 (Mar. 29, 1860).</subfield></datafield><datafield ind1=" " ind2=" " tag="530"><subfield code="a">Available on microfilm from the State Historical Society of Wisconsin and the University of Georgia Libraries.</subfield></datafield><datafield ind1=" " ind2=" " tag="580"><subfield code="a">Other eds. available: Daily citizen (Macon, Ga.), and: Daily Georgia citizen, and: Georgia citizen (Macon, Ga. : (Semiweekly).</subfield></datafield><datafield ind1=" " ind2="0" tag="651"><subfield code="a">Macon (Ga.)</subfield><subfield code="v">Newspapers.</subfield></datafield><datafield ind1=" " ind2="0" tag="651"><subfield code="a">Bibb County (Ga.)</subfield><subfield code="v">Newspapers.</subfield></datafield><datafield ind1=" " ind2="7" tag="655"><subfield code="a">Newspapers.</subfield><subfield code="2">fast</subfield><subfield code="0">(OCoLC)fst01423814</subfield></datafield><datafield ind1=" " ind2="7" tag="651"><subfield code="a">Georgia</subfield><subfield code="z">Bibb County.</subfield><subfield code="2">fast</subfield><subfield code="0">(OCoLC)fst01207988</subfield></datafield><datafield ind1=" " ind2="7" tag="651"><subfield code="a">Georgia</subfield><subfield code="z">Macon.</subfield><subfield code="2">fast</subfield><subfield code="0">(OCoLC)fst01206924</subfield></datafield><datafield ind1=" " ind2=" " tag="752"><subfield code="a">United States</subfield><subfield code="b">Georgia</subfield><subfield code="c">Bibb</subfield><subfield code="d">Macon.</subfield></datafield><datafield ind1="1" ind2=" " tag="775"><subfield code="t">Daily citizen (Macon, Ga.)</subfield><subfield code="w">(DLC)sn 90052335</subfield><subfield code="w">(OCoLC)21499222</subfield></datafield><datafield ind1="1" ind2=" " tag="775"><subfield code="t">Daily Georgia citizen</subfield><subfield code="w">(DLC)sn 90052336</subfield><subfield code="w">(OCoLC)21286953</subfield></datafield><datafield ind1="1" ind2=" " tag="775"><subfield code="t">Georgia citizen (Macon, Ga. : (Semiweekly)</subfield><subfield code="w">(DLC)sn 91074162</subfield><subfield code="w">(OCoLC)30706344</subfield></datafield><datafield ind1="0" ind2="0" tag="785"><subfield code="t">Weekly Georgia citizen</subfield><subfield code="w">(DLC)sn 91074160</subfield><subfield code="w">(OCoLC)30103480</subfield></datafield></record>